<?xml version="1.0" encoding="UTF-8"?><record xmlns="http://www.loc.gov/MARC21/slim" xmlns:cinclude="http://apache.org/cocoon/include/1.0" xmlns:zs="http://www.loc.gov/zing/srw/">
  <leader>00474cz  a2200133n  4500</leader>
  <controlfield tag="001">n 2003067823</controlfield>
  <controlfield tag="003">DLC</controlfield>
  <controlfield tag="005">20040213110310.0</controlfield>
  <controlfield tag="008">040212n| acannaabn          |n aaa      </controlfield>
  <datafield tag="010" ind1=" " ind2=" ">
    <subfield code="a">n 2003067823</subfield>
  </datafield>
  <datafield tag="040" ind1=" " ind2=" ">
    <subfield code="a">DLC</subfield>
    <subfield code="b">eng</subfield>
    <subfield code="c">DLC</subfield>
  </datafield>
  <datafield tag="100" ind1="1" ind2=" ">
    <subfield code="a">Guthrie, Elizabeth,</subfield>
    <subfield code="d">1955-</subfield>
  </datafield>
  <datafield tag="670" ind1=" " ind2=" ">
    <subfield code="a">History, Buddhism, and new religious movements in Cambodia, 2004:</subfield>
    <subfield code="b">CIP t.p. (Elizabeth Guthrie; PhD, Univ. of Canterbury, New Zealand)</subfield>
  </datafield>
  <datafield tag="670" ind1=" " ind2=" ">
    <subfield code="a">Email from publisher, Feb. 13, 2004: (b. July 20, 1955)</subfield>
  </datafield>
</record>